@misc{lorem,
  author = {{Lipsum Generator}},
  title = {Lorem {I}psum: All the Facts and {L}ipsum Generator},
  year = {2024},
  howpublished = {\url{https://www.lipsum.com/}. Accessed 2024-04-18.}
}

@book{mackay2003,
  title={Information theory, inference and learning algorithms},
  author={MacKay, David JC},
  year={2003},
  publisher={Cambridge university press}
}

@book{mackay1992,
  title={Maximum Entropy and Bayesian Methods: Seattle, 1991},
  author={MacKay, David J. C.},
  year={1992},
  pages={39--66},
  publisher={Springer Netherlands}
}

@book{gull1988,
  title={Maximum-Entropy and Bayesian Methods in Science and Engineering: Foundations},
  author={Gull, Stephen F.},
  pages={53--74},
  year={1988},
  publisher={Springer}
}

@article{park2008,
  title={The bayesian lasso},
  author={Park, Trevor and Casella, George},
  journal={Journal of the American Statistical Association},
  volume={103},
  number={482},
  pages={681--686},
  year={2008}
}

@article{mitchell1988,
  title={Bayesian variable selection in linear regression},
  author={Mitchell, Toby J and Beauchamp, John J},
  journal={Journal of the American Statistical Association},
  volume={83},
  number={404},
  pages={1023--1032},
  year={1988}
}

@article{george1993,
  title={Variable selection via Gibbs sampling},
  author={George, Edward I and McCulloch, Robert E},
  journal={Journal of the American Statistical Association},
  volume={88},
  number={423},
  pages={881--889},
  year={1993}
}


@article{buchner2023,
  title={Nested sampling methods},
  author={Buchner, Johannes},
  journal={Statistic Surveys},
  volume={17},
  pages={169--215},
  year={2023}
}

@article{buchner2016,
  title={A statistical test for Nested Sampling algorithms},
  author={Buchner, Johannes},
  journal={Statistics and Computing},
  volume={26},
  number={1},
  pages={383--392},
  year={2016}
}

@article{aponte2022,
  title={An introduction to thermodynamic integration and application to dynamic causal models},
  author={Aponte, Eduardo A and Yao, Yu and Raman, Sudhir and Fr{\"a}ssle, Stefan and Heinzle, Jakob and Penny, Will D and Stephan, Klaas E},
  journal={Cognitive Neurodynamics},
  volume={16},
  number={1},
  pages={1--15},
  year={2022}
}

@book{mackay1996,
  title={Models of Neural Networks III: Association, Generalization, and Representation},
  author={MacKay, David J. C.},
  year={1996},
  publisher={Springer New York}
}

@article{trotta2008,
  title={Bayes in the sky: Bayesian inference and model selection in cosmology},
  author={Trotta, Roberto},
  journal={Contemporary Physics},
  volume={49},
  number={2},
  pages={71--104},
  year={2008}
}

@article{rougier2021,
  title={The exact form of the “Ockham Factor” in model selection},
  author={Rougier, Jonathan and Priebe, Carey E},
  journal={The American Statistician},
  volume={75},
  number={3},
  pages={288--293},
  year={2021}
}


@article{bayarri2012,
  title={Criteria for Bayesian model choice with application to variable selection},
  author={Bayarri, Maria J. and Berger, James O. and Forte, Anabel and Garc{\'\i}a-Donato, Gonzalo},
  journal={Annals of Statistics},
  volume={40},
  number={3},
  pages={1550--1577},
  year={2012}
}

@book{lotfi2022,
  title={International Conference on Machine Learning},
  author={Lotfi, Sanae and Izmailov, Pavel and Benton, Gregory and Goldblum, Micah and Wilson, Andrew Gordon},
  pages={14223--14247},
  year={2022},
  publisher={ML Research Press}
}

@article{knuth2015,
  title={Bayesian evidence and model selection},
  author={Knuth, Kevin H and Habeck, Michael and Malakar, Nabin K and Mubeen, Asim M and Placek, Ben},
  journal={Digital Signal Processing},
  volume={47},
  pages={50--67},
  year={2015},
  publisher={Elsevier}
}

@article{hirsh2022,
  title={Sparsifying priors for Bayesian uncertainty quantification in model discovery},
  author={Hirsh, Seth M and Barajas-Solano, David A and Kutz, J Nathan},
  journal={Royal Society open science},
  volume={9},
  number={2},
  pages={211823},
  year={2022}
}

@article{fasel2022,
  title={Ensemble-SINDy: Robust sparse model discovery in the low-data, high-noise limit, with active learning and control},
  author={Fasel, Urban and Kutz, J Nathan and Brunton, Bingni W and Brunton, Steven L},
  journal={Proceedings of the Royal Society A},
  volume={478},
  number={2260},
  pages={20210904},
  year={2022},
  publisher={The Royal Society}
}

@article{fung2024,
  title={Rapid Bayesian identification of sparse nonlinear dynamics from scarce and noisy data},
  author={Fung, Lloyd and Fasel, Urban and Juniper, Matthew P},
  journal={arXiv e-prints},
  pages={arXiv--2402},
  year={2024}
}

@book{fuller2009,
  title={Measurement error models},
  author={Fuller, Wayne A},
  year={2009},
  publisher={John Wiley \& Sons}
}

@book{carroll2006,
  title={Measurement error in nonlinear models: a modern perspective},
  author={Carroll, Raymond J and Ruppert, David and Stefanski, Leonard A and Crainiceanu, Ciprian M},
  year={2006},
  publisher={Chapman and Hall/CRC}
}

@article{boggs1989,
  title={Orthogonal distance regression},
  author={Boggs, Paul T},
  year={1989},
  journal={Contemporary Mathematics},
  year={1989}
}

@book{fuller1987,
  author    = {Fuller, Wayne A.},
  title     = {Measurement Error Models},
  year      = {1987},
  publisher = {Wiley}
}

@book{carroll2006,
  author    = {Carroll, Raymond J. and Ruppert, David and Stefanski, Leonard A. and Crainiceanu, Ciprian M.},
  title     = {Measurement Error in Nonlinear Models},
  year      = {2006},
  publisher = {Chapman \& Hall/CRC}
}

@article{golub1980,
  author  = {Golub, Gene H. and Van Loan, Charles F.},
  title   = {An analysis of the total least squares problem},
  journal = {SIAM Journal on Numerical Analysis},
  volume  = {17},
  number  = {6},
  pages   = {883--893},
  year    = {1980}
}

@article{boggs1990,
  author  = {Boggs, Paul T. and Rogers, Jon E.},
  title   = {Orthogonal distance regression},
  journal = {Contemporary Mathematics},
  volume  = {112},
  pages   = {183--194},
  year    = {1990}
}

@article{mikkonen2019,
  author  = {Mikkonen, Seppo and others},
  title   = {Effects of measurement errors on linear regression analyses of atmospheric data},
  journal = {Atmospheric Chemistry and Physics},
  volume  = {19},
  pages   = {12531--12543},
  year    = {2019}
}

@techreport{splett2018,
  author      = {Splett, Jolene D. and others},
  title       = {A comparison of orthogonal distance regression and Bayesian errors-in-variables methods for geometric fitting},
  institution = {NIST},
  type        = {Technical Note},
  number      = {1987},
  year        = {2018}
}

@article{quade2018,
  author  = {Quade, Markus and others},
  title   = {Sparse identification of nonlinear dynamics for rapid model recovery},
  journal = {Physical Review E},
  volume  = {97},
  number  = {4},
  pages   = {042219},
  year    = {2018}
}

@article{champion2020,
  author  = {Champion, Kathleen and others},
  title   = {Data-driven discovery of coordinates and governing equations},
  journal = {Proceedings of the National Academy of Sciences (PNAS)},
  volume  = {117},
  number  = {18},
  pages   = {10143--10150},
  year    = {2020}
}

@article{brunton2016,
  title={Discovering governing equations from data by sparse identification of nonlinear dynamical systems},
  author={Brunton, Steven L and Proctor, Joshua L and Kutz, J Nathan},
  journal={Proceedings of the national academy of sciences},
  volume={113},
  number={15},
  pages={3932--3937},
  year={2016},
  publisher={National Academy of Sciences}
}

@article{gunapati2022, 
  title={Variational inference as an
  alternative to MCMC for parameter estimation and model selection},
  author={Gunapati, Geetakrishnasai and Jain, Anirudh and Srijith, PK and Desai,
  Shantanu}, 
  journal={Publications of the Astronomical Society of Australia},
  volume={39}, 
  pages={e001}, 
  year={2022}, 
  publisher={Cambridge University Press}
}